%! Author = Andrew Selvia
%! Date = 2021.11.22

@article{yarats2021drqv2,
  title={Mastering Visual Continuous Control: Improved Data-Augmented Reinforcement Learning},
  author={Denis Yarats and Rob Fergus and Alessandro Lazaric and Lerrel Pinto},
  journal={arXiv preprint arXiv:2107.09645},
  year={2021}
}
@inproceedings{yarats2021image,
  title={Image Augmentation Is All You Need: Regularizing Deep Reinforcement Learning from Pixels},
  author={Denis Yarats and Ilya Kostrikov and Rob Fergus},
  booktitle={International Conference on Learning Representations},
  year={2021},
  url={https://openreview.net/forum?id=GY6-6sTvGaf}
}
